% Encoding: UTF-8

@Misc{pycharm,
  title = {PyCharm Quick Start Guide},
  url   = {https://www.jetbrains.com/help/pycharm/quick-start-guide.html},
}

@Misc{gist,
  author = {Reizinger, Patrik},
  title  = {Python Példaprogramok},
  url    = {https://gist.github.com/rpatrik96},
}

@Misc{smart1,
  author = {Reizinger, Patrik},
  title  = {Python under the hood — tips and tricks from a C++-programmers’ perspective (Part I)},
  url    = {https://medium.com/@SmartLabAI/python-under-the-hood-tips-and-tricks-from-a-c-programmers-perspective-01-b5f96895663},
}

@Misc{smart2,
  author = {Reizinger, Patrik},
  title  = {Python under the hood — tips and tricks from a C++-programmers’ perspective (Part II)},
  url    = {https://medium.com/@SmartLabAI/b52675c7c0af},
}

@Misc{conda,
  title = {Anaconda},
  url   = {https://www.anaconda.com/},
}

@Misc{opencv,
  title = {OpenCV Documentation},
  url   = {https://docs.opencv.org/4.1.1/},
}

@Book{szgl,
  title     = {Számítógépes Látórendszerek},
  publisher = {BME},
  year      = {2019},
  author    = {Szemenyei, Márton},
  editor    = {Szemenyei, Márton},
  url       = {http://deeplearning.iit.bme.hu/jegyzetFull.pdf},
}

@Comment{jabref-meta: databaseType:bibtex;}
